@article{bib:0,
      author         = "Baracchini, E. and others",
      title          = "{CYGNUS: Feasibility of a
                        Nuclear Recoil Observatory with Directional Sensitivity to Dark Matter and Neutrinos}",
      collaboration  = "CYGNUS-TPC",
      note           = "In preparation",
}
year = "\noop{3001}in press 2012a"

@article{bib:1,
      author         = "Battat, J. B. R. and others",
      title          = "{Low Threshold Results and Limits from the DRIFT
                        Directional Dark Matter Detector}",
      collaboration  = "DRIFT",
      journal        = "Astropart. Phys.",
      volume         = "91",
      year           = "2017",
      pages          = "65-74",
      doi            = "10.1016/j.astropartphys.2017.03.007",
      eprint         = "1701.00171",
      archivePrefix  = "arXiv",
      primaryClass   = "astro-ph.IM",
      SLACcitation   = "%%CITATION = ARXIV:1701.00171;%%"
}

@article{bib:2,
      author         = "Mayet, F. and others",
      title          = "{A review of the discovery reach of directional Dark
                        Matter detection}",
      journal        = "Phys. Rept.",
      volume         = "627",
      year           = "2016",
      pages          = "1-49",
      doi            = "10.1016/j.physrep.2016.02.007",
      eprint         = "1602.03781",
      archivePrefix  = "arXiv",
      primaryClass   = "astro-ph.CO",
      SLACcitation   = "%%CITATION = ARXIV:1602.03781;%%"
}

@article{bib:3,
      author         = "Nakazawa, Miki and others",
      title          = "{Prototype Analog Front-end for Negative-ion Gas and
                        Dual-phase Liquid-Ar TPCs}",
      journal        = "JINST",
      volume         = "14",
      year           = "2019",
      number         = "01",
      pages          = "T01008",
      doi            = "10.1088/1748-0221/14/01/T01008",
      eprint         = "1901.02587",
      archivePrefix  = "arXiv",
      primaryClass   = "physics.ins-det",
      SLACcitation   = "%%CITATION = ARXIV:1901.02587;%%"
}

@article{bib:4,
      author         = "Cavoto, G. and Luchetta, F. and Polosa, A. D.",
      title          = "{Sub-GeV Dark Matter Detection with Electron Recoils in
                        Carbon Nanotubes}",
      journal        = "Phys. Lett.",
      volume         = "B776",
      year           = "2018",
      pages          = "338-344",
      doi            = "10.1016/j.physletb.2017.11.064",
      eprint         = "1706.02487",
      archivePrefix  = "arXiv",
      primaryClass   = "hep-ph",
      SLACcitation   = "%%CITATION = ARXIV:1706.02487;%%"
}
@article{bib:nitec,
      author         = "Baracchini, E. and Cavoto, G. and Mazzitelli, G. and
                        Murtas, F. and Renga, F. and Tomassini, S.",
      title          = "{Negative Ion Time Projection Chamber operation with
                        SF$_6$ at nearly atmospheric pressure}",
      journal        = "JINST",
      volume         = "13",
      year           = "2018",
      number         = "04",
      pages          = "P04022",
      doi            = "10.1088/1748-0221/13/04/P04022",
      eprint         = "1710.01994",
      archivePrefix  = "arXiv",
      primaryClass   = "physics.ins-det",
      SLACcitation   = "%%CITATION = ARXIV:1710.01994;%%"
}

@article{bib:nim_orange1,
      author         = "Marafini, M. and Patera, V. and Pinci, D. and Sarti, A.
                        and Sciubba, A. and Spiriti, E.",
      title          = "{ORANGE: A high sensitivity particle tracker based on
                        optically read out GEM}",
      booktitle      = "{Proceedings, 14th Vienna Conference on Instrumentation
                        (VCI 2016): Vienna, Austria, February 15-19, 2016}",
      journal        = "Nucl. Instrum. Meth.",
      volume         = "A845",
      year           = "2017",
      pages          = "285-288",
      doi            = "10.1016/j.nima.2016.04.014",
      SLACcitation   = "%%CITATION = NUIMA,A845,285;%%"
}

@article{bib:jinst_orange1,
      author         = "Marafini, Michela and Patera, Vincenzo and Pinci, Davide
                        and Sarti, Alessio and Sciubba, A. and Spiriti, Eleuterio",
      title          = "{High granularity tracker based on a Triple-GEM optically
                        read by a CMOS-based camera}",
      journal        = "JINST",
      volume         = "10",
      year           = "2015",
      number         = "12",
      pages          = "P12010",
      doi            = "10.1088/1748-0221/10/12/P12010",
      eprint         = "1508.07143",
      archivePrefix  = "arXiv",
      primaryClass   = "physics.ins-det",
      SLACcitation   = "%%CITATION = ARXIV:1508.07143;%%"
}

@article{bib:ref1,
      author         = "Margato, L. M. S. and Fraga, F. A. F. and Fetal, S. T. G.
                        and Fraga, M. M. F. R. and Balau, E. F. S. and Blanco, A.
                        and Ferreira-Marques, R. and Policarpo, A. J. P. L.",
      title          = "{Performance of an optical readout GEM-based TPC}",
      booktitle      = "{Instrumentation. Proceedings, 10th International
                        Conference, VCI 10, Vienna, Austria, February 16-21,
                        2004}",
      journal        = "Nucl. Instrum. Meth.",
      volume         = "A535",
      year           = "2004",
      pages          = "231-235",
      doi            = "10.1016/j.nima.2004.07.126",
      SLACcitation   = "%%CITATION = NUIMA,A535,231;%%"
}

@article{bib:ref2,
      author         = "Monteiro, C. M. B. and Conceicao, A. S. and Amaro, F. D.
                        and Maia, J. M. and Bento, A. C. S. S. M. and Ferreira, L.
                        F. R. and Veloso, J. F. C. A. and dos Santos, J. M. F. and
                        Breskin, A. and Chechik, R.",
      title          = "{Secondary scintillation yield from gaseous micropattern
                        electron multipliers in direct dark matter detection}",
      journal        = "Phys. Lett.",
      volume         = "B677",
      year           = "2009",
      pages          = "133-138",
      doi            = "10.1016/j.physletb.2009.05.020",
      SLACcitation   = "%%CITATION = PHLTA,B677,133;%%"
}

@article{bib:ref3,
      author         = "Monteiro, C. M. B. and Fernandes, L. M. P. and Veloso, J.
                        F. C. A. and Oliveira, C. A. B. and dos Santos, J. M. F.",
      title          = "{Secondary scintillation yield from GEM and THGEM gaseous
                        electron multipliers for direct dark matter search}",
      journal        = "Phys. Lett.",
      volume         = "B714",
      year           = "2012",
      pages          = "18-23",
      doi            = "10.1016/j.physletb.2012.06.066",
      SLACcitation   = "%%CITATION = PHLTA,B714,18;%%"
}

@article{bib:ref6,
      author         = "Roy, S. and Rudra, S. and Shaw, S. and Adak, R. P. and
                        Biswas, S. and Das, S. and Ghosh, S. K. and Prasad, S. K.
                        and Raha, S.",
      title          = "{Study of stability of gain and energy resolution for GEM
                        detector in high rate operation}",
      year           = "2018",
      eprint         = "1804.02819",
      archivePrefix  = "arXiv",
      primaryClass   = "physics.ins-det",
      SLACcitation   = "%%CITATION = ARXIV:1804.02819;%%"
}

@article{bib:ref5,
      author         = "Ferrario, P. and others",
      title          = "{First proof of topological signature in the high
                        pressure xenon gas TPC with electroluminescence
                        amplification for the NEXT experiment}",
      collaboration  = "NEXT",
      journal        = "JHEP",
      volume         = "01",
      year           = "2016",
      pages          = "104",
      doi            = "10.1007/JHEP01(2016)104",
      eprint         = "1507.05902",
      archivePrefix  = "arXiv",
      primaryClass   = "physics.ins-det",
      reportNumber   = "FERMILAB-PUB-15-648-CD-ND",
      SLACcitation   = "%%CITATION = ARXIV:1507.05902;%%"
}

@article{bib:ref4,
      author         = "Bondar, A. and Buzulutskov, A. and Grebenuk, A. and
                        Sokolov, A. and Akimov, D. and Alexandrov, I. and Breskin,
                        A.",
      title          = "{Direct observation of avalanche scintillations in a
                        THGEM-based two-phase Ar avalanche detector using
                        Geiger-mode APD}",
      journal        = "JINST",
      volume         = "5",
      year           = "2010",
      pages          = "P08002",
      doi            = "10.1088/1748-0221/5/08/P08002",
      eprint         = "1005.5216",
      archivePrefix  = "arXiv",
      primaryClass   = "physics.ins-det",
      SLACcitation   = "%%CITATION = ARXIV:1005.5216;%%"
}

@ARTICLE{bib:ieee_orange,
   author = {{Marafini}, M. and {Patera}, V. and {Pinci}, D. and {Sarti}, A. and 
	{Sciubba}, A. and {Torchia}, N.~M.},
    title = "{Study of the Performance of an Optically Readout Triple-GEM}",
  journal = {IEEE Transactions on Nuclear Science},
     year = 2018,
    month = jan,
   volume = 65,
    pages = {604-608},
      doi = {10.1109/TNS.2017.2778503},
   adsurl = {http://adsabs.harvard.edu/abs/2018ITNS...65..604M},
  adsnote = {Provided by the SAO/NASA Astrophysics Data System}
}

@article{bib:nim_orange2,
      author         = {{Marafini}, M. and {Patera}, V. and {Pinci}, D. and {Sarti}, A. and 
	{Sciubba}, A. and {Torchia}, and {Spiriti}, E.},
      title          = "{Optical readout of a triple-GEM detector by means of a
                        CMOS sensor}",
      booktitle      = "{Proceedings, 13th Pisa Meeting on Advanced Detectors :
                        Frontier Detectors for Frontier Physics (FDFP 2015): La
                        Biodola, Isola d'Elba, Italy, May 24-30, 2015}",
      journal        = "Nucl. Instrum. Meth.",
      volume         = "A824",
      year           = "2016",
      pages          = "562-564",
      doi            = "10.1016/j.nima.2015.11.058",
      SLACcitation   = "%%CITATION = NUIMA,A824,562;%%"
}

@article{bib:eps,
      author         = "Pinci, Davide and Di Marco, Emanuele and Renga, Francesco
                        and Voena, Cecilia and Baracchini, Elisabetta and
                        Mazzitelli, Giovanni and Tomassini, Alessandro and Cavoto,
                        Gianluca and Antochi, Vasile Cristian and Marafini,
                        Michela",
      title          = "{Cygnus: development of a high resolution TPC for rare
                        events}",
      booktitle      = "{Proceedings, 2017 European Physical Society Conference
                        on High Energy Physics (EPS-HEP 2017): Venice, Italy, July
                        5-12, 2017}",
      journal        = "PoS",
      volume         = "EPS-HEP2017",
      year           = "2017",
      pages          = "077",
      doi            = "10.22323/1.314.0077",
      SLACcitation   = "%%CITATION = POSCI,EPS-HEP2017,077;%%"
}

@article{bib:jinst_orange2,
      author         = "Antochi, V. C. and Baracchini, E. and Cavoto, G. and
                        Marco, E. Di and Marafini, M. and Mazzitelli, G. and
                        Pinci, D. and Renga, F. and Tomassini, S. and Voena, C.",
      title          = "{Combined readout of a triple-GEM detector}",
      journal        = "JINST",
      volume         = "13",
      year           = "2018",
      number         = "05",
      pages          = "P05001",
      doi            = "10.1088/1748-0221/13/05/P05001",
      eprint         = "1803.06860",
      archivePrefix  = "arXiv",
      primaryClass   = "physics.ins-det",
      SLACcitation   = "CITATION = ARXIV:1803.06860;"
}

@phdthesis{bib:thesis,
      author         = "Pinci, Davide",
      title          = "{A triple-GEM detector for the muon system of the LHCb
                        experiment}",
      school         = "Cagliari University, CERN-THESIS-2006-070",
      year           = "2006",
      url            = "http://weblib.cern.ch/abstract?CERN-THESIS-2006-070",
      reportNumber   = "CERN-THESIS-2006-070",
      SLACcitation   = "CITATION = CERN-THESIS-2006-070;"
}

@INPROCEEDINGS{bib:ieee17, 
author={G. {Mazzitelli} and V. C. {Antochi} and E. {Baracchini} and G. {Cavoto} and A. {De Stena} and E. {Di Marco} and M. {Marafini} and D. {Pinci} and F. {Renga} and S. {Tomassini} and C. {Voena}}, 
booktitle={2017 IEEE Nuclear Science Symposium and Medical Imaging Conference (NSS/MIC)}, 
title={A high resolution TPC based on GEM optical readout}, 
year={2017}, 
volume={}, 
number={}, 
pages={1-4}, 
doi={10.1109/NSSMIC.2017.8532631}, 
ISSN={2577-0829}, 
month={Oct},}

@INPROCEEDINGS{bib:ieee18, 
author={G. {Mazzitelli} and V. C. {Antochi} and E. {Baracchini} and G. {Cavoto} and A. {De Stena} and E. {Di Marco} and M. {Marafini} and D. {Pinci} and F. {Renga} and S. {Tomassini} and C. {Voena}}, 
booktitle={2018 IEEE Nuclear Science Symposium and Medical Imaging Conference (NSS/MIC)}, 
title={A high resolution TPC based on GEM optical readout}, 
year={2018}, 
volume={Under publication in IEEE Nuclear Science Symposium Medical Imaging Conference, 2018},
number={}, 
}


@article{bib:loomba,
      author         = "Phan, N. S. and Lee, E. R. and Loomba, D.",
      title          = "{Imaging $^{55}$Fe Electron Tracks in a GEM-based TPC
                        Using a CCD Readout}",
      year           = "2017",
      eprint         = "1703.09883",
      archivePrefix  = "arXiv",
      journal        = "arXiv 1703.09883",
      primaryClass   = "physics.ins-det",
      SLACcitation   = "%%CITATION = ARXIV:1703.09883;%%"
}

@article{bib:elba,
title = "High resolution TPC based on optically readout GEM",
journal = "Nuclear Instruments and Methods in Physics Research Section A: Accelerators, Spectrometers, Detectors and Associated Equipment",
year = "2018",
issn = "0168-9002",
doi = "https://doi.org/10.1016/j.nima.2018.11.085",
url = "http://www.sciencedirect.com/science/article/pii/S016890021831711X",
author = "D. Pinci and E. Baracchini and G. Cavoto and E. Di Marco and M. Marafini and G. Mazzitelli and F. Renga and S. Tomassini and C. Voena",
keywords = "Tracking detectors, GEM, Micro-pattern Gas Detectors",
}

@book{bib:rolandiblum,
      author         = "Blum, Walter and Rolandi, Luigi and Riegler, Werner",
      title          = "{Particle detection with drift chambers}",
      url            = "http://www.springer.com/physics/elementary/book/978-3-540-76683-4",
      publisher={Springer Science \& Business Media},
      journal        = "Berlin, Germany: Springer (2008) 448 p",
      series         = "Particle Acceleration and Detection, ISBN           = 9783540766834",
      doi            = "10.1007/978-3-540-76684-1",
      year           = "2008",
      ISBN           = "9783540766834, 9783540766841"
}

@article{bib:fe55,
	title = {Performance of optically readout {GEM}-based {TPC} with a 55Fe source},
	author = {I. Abritta Costa and E. Baracchini and F. Bellini and L. Benussi and S. Bianco and M.A. Caponero and G. Cavoto and G. D'Imperio and E. Di Marco and G. Maccarrone and M. Marafini and G. Mazzitelli and A. Messina and F. Petrucci and D. Piccolo and D. Pinci and F. Renga and F. Rosatelli and G. Saviano and S. Tomassini},
	journal = {Journal of Instrumentation},
	volume = {14},
	number = {07},
	pages = {P07011--P07011},
	year = 2019,
	month = {jul},
	doi = {10.1088/1748-0221/14/07/p07011},
	publisher = {{IOP} Publishing}
}

@book{tukey1977exploratory,
  title={Exploratory data analysis},
  author={Tukey, John W},
  volume={2},
  year={1977},
  publisher={Reading, Mass.}
}

@book{porter2013statistical,
  title={Statistical Analysis Techniques in Particle Physics: Fits, Density Estimation and Supervised Learning},
  author={Porter, Frank C and Narsky, Ilya},
  year={2013},
  publisher={Wiley-VCH}
}

@inproceedings{dbscan1996,
 author = {Ester, Martin and Kriegel, Hans-Peter and Sander, J\"{o}rg and Xu, Xiaowei},
 title = {A Density-based Algorithm for Discovering Clusters a Density-based Algorithm for Discovering Clusters in Large Spatial Databases with Noise},
 booktitle = {Proceedings of the Second International Conference on Knowledge Discovery and Data Mining},
 series = {KDD'96},
 year = {1996},
 location = {Portland, Oregon},
 pages = {226--231},
 numpages = {6},
 url = {http://dl.acm.org/citation.cfm?id=3001460.3001507},
 acmid = {3001507},
 publisher = {AAAI Press},
 keywords = {arbitrary shape of clusters, clustering algorithms, efficiency on large spatial databases, handling nlj4-275oise},
} 

@inproceedings{wagstaff2000clustering,
author = {Wagstaff, Kiri and Cardie, Claire},
title = {Clustering with Instance-Level Constraints},
year = {2000},
isbn = {1558607072},
publisher = {Morgan Kaufmann Publishers Inc.},
address = {San Francisco, CA, USA},
booktitle = {Proceedings of the Seventeenth International Conference on Machine Learning},
pages = {1103–1110},
numpages = {8},
series = {ICML ’00},
doi = {10.5555/645529.658275}
}

@article{scikit-learn,
  author  = {Fabian Pedregosa and Ga{{\"e}}l Varoquaux and Alexandre Gramfort and Vincent Michel and Bertrand Thirion and Olivier Grisel and Mathieu Blondel and Peter Prettenhofer and Ron Weiss and Vincent Dubourg and Jake Vanderplas and Alexandre Passos and David Cournapeau and Matthieu Brucher and Matthieu Perrot and {{\'E}}douard Duchesnay},
  title   = {Scikit-learn: Machine Learning in Python},
  journal = {Journal of Machine Learning Research},
  year    = {2011},
  volume  = {12},
  number  = {85},
  pages   = {2825-2830},
  url     = {http://jmlr.org/papers/v12/pedregosa11a.html}
}

@inbook{filterStudy,
author = {Lopes, G. and Baracchini, Elisabetta and Bellini, F. and Benussi, Luigi and Bianco, Stefano and Cavoto, G. and Costa, I. and Marco, E. and Maccarrone, G. and Marafini, Michela and Mazzitelli, Giovanni and Messina, A. and Nobrega, R. and Piccolo, D. and Pinci, Davide and Renga, F. and Rosatelli, F. and Souza, Debora and Tomassini, S.},
year = {2019},
month = {09},
pages = {520-530},
publisher = {Springer International Publishing},
title = {Study of the Impact of Pre-processing Applied to Images Acquired by the Cygno Experiment},
booktitle = {Pattern Recognition and Image Analysis},
isbn = {978-3-030-31320-3},
doi = {10.1007/978-3-030-31321-0_45}
}

@article{Dong_2007,
	doi = {10.1109/lsp.2006.884014},
	year = 2007,
	month = {mar},
	publisher = {Institute of Electrical and Electronics Engineers ({IEEE})},
	volume = {14},
	number = {3},
	pages = {193--196},
	author = {Yiqiu Dong and Shufang Xu},
	title = {A New Directional Weighted Median Filter for Removal of Random-Valued Impulse Noise},
	journal = {{IEEE} Signal Processing Letters}
}

@article{jolliffe2002springer,
  title={Principal component analysis},
  author={Jolliffe, Ian T},
  journal={Springer series in statistics},
  volume={29},
  year={2002},
  publisher={Springer New York, NY},
  doi = {10.1007/b98835},
  url = {https://doi.org/10.1007%2Fb98835},
}

@manual{ORCAcamera,
title = "{ORCA-Flash4.0 V3 Digital CMOS camera}",
author = "Hamamatsu",
year = "2018",
url = "http://www.hamamatsu.com/jp/en/C13440-20CU.html"
}
M